<?xml version="1.0" encoding="UTF-8"?><collection xmlns="http://www.loc.gov/MARC21/slim"><record><leader>00411nam--2200121-i-4500</leader><controlfield tag="001">000009325</controlfield><controlfield tag="002">20161230</controlfield><controlfield tag="005">20161230201028</controlfield><controlfield tag="008">060222s1000------------r-----000-0-eng-d</controlfield><datafield ind1=" " ind2=" " tag="245"><subfield code="a">Bulletin d information scientifique de la facu lte des sciences de paris: i: laboratoires de recherche. mathematiques ap pliquees. physique. 1968-1969</subfield></datafield><datafield ind1=" " ind2=" " tag="260"><subfield code="a">Paris, Dunod, 1969</subfield></datafield><datafield ind1=" " ind2=" " tag="490"><subfield code="a">Xii + 207 P</subfield></datafield><datafield ind1=" " ind2=" " tag="852"><subfield code="a">51(016).53(016)</subfield></datafield></record></collection>